@article{elder2025,
  title={Elder: A Framework for Hierarchical Knowledge Transfer},
  author={Kashou, Yanal Luay},
  journal={Journal of Arcane Computation},
  volume={42},
  pages={1337--1371},
  year={2025}
}

@book{metalearning_review,
  title={Meta-Learning in Neural Networks: A Survey},
  author={Hospedales, Timothy and Antoniou, Antreas and Micaelli, Paul and Storkey, Amos},
  year={2021},
  publisher={IEEE Transactions on Pattern Analysis and Machine Intelligence}
}

@article{info_bottleneck,
  title={Deep Variational Information Bottleneck},
  author={Alemi, Alexander A and Fischer, Ian and Dillon, Joshua V and Murphy, Kevin},
  journal={International Conference on Learning Representations (ICLR)},
  year={2017}
}

@article{complex_nn,
  title={Deep Complex Networks},
  author={Trabelsi, Chiheb and Bilaniuk, Olexa and Zhang, Ying and Serdyuk, Dmitriy and Subramanian, Sandeep and Santos, Jo{\~a}o Felipe and Mehri, Soroush and Rostamzadeh, Negar and Bengio, Yoshua and Pal, Christopher J},
  journal={International Conference on Learning Representations (ICLR)},
  year={2018}
}

@article{phase_coherence,
  title={Understanding Phase Relationships in Complex Systems},
  author={Johnson, Maria T.},
  journal={Complex Systems Quarterly},
  volume={18},
  number={3},
  pages={245--261},
  year={2023}
}